<?xml version="1.0" encoding="UTF-8"?><collection xmlns="http://www.loc.gov/MARC21/slim"><record><leader>00645nam--2200169-i-4500</leader><controlfield tag="001">000007034</controlfield><controlfield tag="002">20161230</controlfield><controlfield tag="005">20161230201027</controlfield><controlfield tag="008">060222s1000------------r-----000-0-eng-d</controlfield><datafield ind1=" " ind2=" " tag="040"><subfield code="a">IFIN-HH</subfield></datafield><datafield ind1=" " ind2=" " tag="080"><subfield code="a">539.125.172</subfield></datafield><datafield ind1="1" ind2=" " tag="100"><subfield code="a">De-shalit, A</subfield></datafield><datafield ind1="1" ind2="0" tag="245"><subfield code="a">Diffraction phenomena in nuclear reactions</subfield><subfield code="b">Talk delivered at the xvth annual national conference on nuclear spectroscopy and structure of atomic nucleus-ussr academy of science, minsk, january 25 - february 2, 1965</subfield><subfield code="c">A. de-shalit</subfield></datafield><datafield ind1=" " ind2=" " tag="260"><subfield code="a">Rehovoth, Israel</subfield><subfield code="b">The Weismann Institute Of Science</subfield><subfield code="c">/F.An</subfield></datafield><datafield ind1=" " ind2=" " tag="300"><subfield code="a">9P.+4 FIG</subfield></datafield><datafield ind1=" " ind2=" " tag="852"><subfield code="a">20780</subfield><subfield code="c">539.17</subfield></datafield><datafield ind1=" " ind2=" " tag="CAT"><subfield code="a">Sys</subfield><subfield code="c">20120529</subfield><subfield code="h">161833</subfield></datafield></record></collection>